<?xml version="1.0" encoding="UTF-8"?><collection xmlns="http://www.loc.gov/MARC21/slim"><record><leader>00352nam--2200145-i-4500</leader><controlfield tag="001">000049793</controlfield><controlfield tag="002">20161230</controlfield><controlfield tag="005">20170126001657</controlfield><controlfield tag="008">060222s1000------------r-----000-0-eng-d</controlfield><datafield ind1=" " ind2=" " tag="100"><subfield code="a">Auerbah, Sharlota</subfield></datafield><datafield ind1=" " ind2=" " tag="245"><subfield code="a">Genetika d atomnom veke</subfield></datafield><datafield ind1=" " ind2=" " tag="260"><subfield code="a">Moskva</subfield><subfield code="b">Atomizdat</subfield><subfield code="c">1959</subfield></datafield><datafield ind1=" " ind2=" " tag="300"><subfield code="a">77 s., 46 ris</subfield></datafield><datafield ind1=" " ind2=" " tag="852"><subfield code="a">6104</subfield></datafield><datafield ind1=" " ind2=" " tag="CAT"><subfield code="a">SYS</subfield><subfield code="c">20170126</subfield><subfield code="h">001657</subfield></datafield></record></collection>